<record><leader>00000cas a22000007a 4500</leader><controlfield tag="001">37875952</controlfield><controlfield tag="008">971031d19uu19uucauir ne      0    0eng d</controlfield><datafield ind1=" " ind2=" " tag="010"><subfield code="a">sn 97060459 </subfield></datafield><datafield ind1=" " ind2=" " tag="040"><subfield code="a">CNK</subfield><subfield code="b">eng</subfield><subfield code="c">CNK</subfield><subfield code="d">OCLCQ</subfield></datafield><datafield ind1=" " ind2=" " tag="042"><subfield code="a">msc</subfield></datafield><datafield ind1="0" ind2="0" tag="245"><subfield code="a">Linda Vista progress journal.</subfield></datafield><datafield ind1="3" ind2=" " tag="246"><subfield code="a">Progress journal</subfield></datafield><datafield ind1="1" ind2="3" tag="246"><subfield code="a">San Diego progress journal</subfield></datafield><datafield ind1=" " ind2=" " tag="260"><subfield code="a">Linda Vista, Calif. :</subfield><subfield code="b">[s.n.]</subfield></datafield><datafield ind1=" " ind2=" " tag="300"><subfield code="a">v.</subfield></datafield><datafield ind1=" " ind2=" " tag="310"><subfield code="a">Three times a week</subfield></datafield><datafield ind1=" " ind2=" " tag="500"><subfield code="a">"Linda Vista" appears in small print above "Progress Journal."</subfield></datafield><datafield ind1=" " ind2=" " tag="500"><subfield code="a">Publication moved to San Diego, Calif., Jan. 9, 1944.</subfield></datafield><datafield ind1=" " ind2=" " tag="588"><subfield code="a">Description based on: 19th year, no. 151 (Nov. 21, 1943).</subfield></datafield><datafield ind1=" " ind2="4" tag="651"><subfield code="a">Linda Vista (San Diego, Calif.)</subfield><subfield code="v">Newspapers.</subfield></datafield><datafield ind1=" " ind2=" " tag="752"><subfield code="a">United States</subfield><subfield code="b">California</subfield><subfield code="c">San Diego</subfield><subfield code="d">San Diego.</subfield></datafield><datafield ind1="1" ind2=" " tag="029"><subfield code="a">AU@</subfield><subfield code="b">000013613088</subfield></datafield></record>